@article{davies2004can,
  title={Can Mary Shelley's Frankenstein be read as an early research ethics text?},
  author={Davies, H},
  journal={Medical humanities},
  volume={30},
  number={1},
  pages={32--35},
  year={2004},
  publisher={BMJ Publishing Group Ltd and Institute of Medical Ethics}
}
@article{doris2008moral,
  title={Moral psychology: Empirical approaches},
  author={Doris, John and Stich, Stephen},
  journal={Stanford encyclopedia of philosophy},
  year={2008}
}
@article{isaacs1986creation,
  title={Creation and responsibility in science: Some lessons from the modern Prometheus},
  author={Isaacs, Leonard},
  journal={Creativity and the imagination: Case studies from the classical age to the twentieth century},
  pages={59--81},
  year={1986}
}
@book{kivy2009blackwell,
  title={The Blackwell Guide to Aesthetics},
  author={Kivy, P.},
  isbn={9781405143066},
  series={Blackwell Philosophy Guides},
  url={https://books.google.com/books?id=i4Ur3seg0jQC},
  year={2009},
  publisher={Wiley}
}
@article{kohlberg1976moral,
  title={Moral stages and moralization: The cognitive-developmental approach},
  author={Kohlberg, Lawrence},
  journal={Moral development and behavior: Theory, research, and social issues},
  pages={31--53},
  year={1976}
}
@book{kohlberg1958development,
  title={The development of modes of moral thinking and choice in the years 10 to 16},
  author={Kohlberg, Lawrence},
  year={1958},
  publisher={University of Chicago.}
}
@book{lapsley1996moral,
  title={Moral psychology.},
  author={Lapsley, Daniel K},
  year={1996},
  publisher={Westview Press}
}
@book{martin2012happiness,
  title={Happiness and the Good Life},
  author={Martin, M.W.},
  isbn={9780199930081},
  url={https://books.google.com/books?id=EK9EFCBR2LwC},
  year={2012},
  publisher={Oxford University Press, USA}
}
@misc{ wiki:flkst,
  author = "Wikipedia",
  title = "Frankenstein --- Wikipedia{,} The Free Encyclopedia",
  year = "2015",
  url = "http://en.wikipedia.org/w/index.php?title=Frankenstein&oldid=648823031",
  note = "[Online; accessed 1-March-2015]",
  typeoflit = {G/OL}
}
@misc{ wiki:kohlberg,
  author = "Wikipedia",
  title = "Lawrence Kohlberg's stages of moral development --- Wikipedia{,} The Free Encyclopedia",
  year = "2015",
  url = "http://en.wikipedia.org/w/index.php?title=Lawrence_Kohlberg%27s_stages_of_moral_development&oldid=647107160",
  note = "[Online; accessed 8-March-2015]",
  typeoflit = {G/OL}
}
@misc{ wiki:ms,
  author = "Wikipedia",
  title = "Mary Shelley --- Wikipedia{,} The Free Encyclopedia",
  year = "2015",
  url = "http://en.wikipedia.org/w/index.php?title=Mary_Shelley&oldid=647527765",
  note = "[Online; accessed 28-February-2015]",
  typeoflit = {G/OL}
}
@misc{wiki:mp,
  author = "Wikipedia",
  title = "Moral psychology --- Wikipedia{,} The Free Encyclopedia",
  year = "2015",
  url = "http://en.wikipedia.org/w/index.php?title=Moral_psychology&oldid=646516925",
  note = "[Online; accessed 23-February-2015]",
  typeoflit = {G/OL}
}
@article{fengli,
  title={《弗兰肯斯坦》女性地位新解读},
  author={冯利},
  journal={重庆电子工程职业学院学报},
  number={3},
  year={2012},
  language={zh}
}
@mastersthesis{gongwen,
  title={从《弗兰肯斯坦》看玛丽{\textperiodcentered}雪莱的伦理道德思想},
  author={龚雯},
  school={重庆大学},
  year={2007},
  language={zh},
  address={重庆}
}
@article{liuyajuan,
  title={道德心理学理论综述},
  author={刘亚娟 and 吴荣先},
  journal={沿海企业与科技},
  number={5},
  pages={180--182},
  year={2007},
  language={zh}
}
@book{cflksten,
  title={科学怪人 = Frankenstein：插图{\textperiodcentered}中文导读英文版},
  author={玛丽{\textperiodcentered}雪莱},
  isbn={9787302321637},
  year={2013},
  publisher={清华大学出版社},
  translator={王勋 and 纪飞},
  language={zh},
  address={北京}
}
@article{wqymaslow,
  title={从马斯洛的需要层次理论视角透析《弗兰肯斯坦》中的怪人行为},
  author={王秋媛},
  journal={社会科学战线},
  volume={2},
  pages={051},
  year={2012},
  language={zh}
}
@mastersthesis{xupy,
  title={生态伦理学视野下的《弗兰肯斯坦》},
  author={许鹏云},
  school={重庆大学},
  year={2010},
  language={zh},
  address={重庆}
}
